@ARTICLE{Space,
author = {S. Chien and R. Doyle and A. G. Davies and A. Jonsson and R. Lorenz},
journal = {IEEE Intelligent Systems},
title = {The Future of AI in Space},
year = {2006},
volume = {21},
number = {4},
pages = {64-69},
doi = {10.1109/MIS.2006.79},
ISSN = {1541-1672},
month = {July}
}

@ARTICLE{What,
author ={J. Mostow},
journal ={IEEE Transactions on Software Engineering},
title ={Foreword What is AI? And What Does It Have to Do with Software Engineering?},
year ={1985},
volume ={SE-11},
number ={11},
pages ={1253-1256},
doi ={10.1109/TSE.1985.231876},
ISSN ={0098-5589},
month ={Nov}
}

@INPROCEEDINGS{Trends,
author ={K. Delic and J. Riley},
booktitle = {2013 XXIV International Conference on Information, Communication and Automation Technologies (ICAT)},
title ={Current and future trends in AI},
year ={2013},
pages ={1-4},
doi ={10.1109/ICAT.2013.6684077},
month ={Oct}
}

@ARTICLE{Apocalypse,
author ={C. DiCarlo},
journal ={IEEE Technology and Society Magazine},
title ={How to Avoid a Robotic Apocalypse: A Consideration on the Future Developments of AI, Emergent Consciousness, and the Frankenstein Effect},
year ={2016},
volume ={35},
number ={4},
pages ={56-61},
doi ={10.1109/MTS.2016.2618718},
ISSN ={0278-0097},
month ={Dec}
}

@ARTICLE{Evolution,
author ={D. L. Waltz},
journal ={IEEE Intelligent Systems},
title ={Evolution, Sociobiology, and the Future of Artificial Intelligence},
year ={2006},
volume ={21},
number ={3},
pages ={66-69},
doi ={10.1109/MIS.2006.46},
ISSN ={1541-1672},
month ={Jan}
}

@ARTICLE{Japan,
author ={A. Ema and N. Akiya and H. Osawa and H. Hattori and S. Oie and R. Ichise and N. Kanzaki and M. Kukita and R. Saijo and O. Takushi and N. Miyano and Y. Yashiro},
journa l={IEEE Technology and Society Magazine},
title ={Future Relations between Humans and Artificial Intelligence: A Stakeholder Opinion Survey in Japan},
year ={2016},
volume ={35},
number ={4},
pages ={68-75},
doi ={10.1109/MTS.2016.2618719},
ISSN ={0278-0097},
month ={Dec}
}

@Film{Park,
author ={Steven Spielberg},
title ={Jurassic Park [FILM]},
year ={1993}
month ={Jun}
}


